{
  "leader": "03644cam a2200517Ia 4500",
  "fields": [
    {
      "001": "ocm46671118\\"
    },
    {
      "003": "OCoLC"
    },
    {
      "005": "20220225140419.0"
    },
    {
      "008": "010330m20019999dcua\\\\\\\\\\b\\\\\\i001\\0\\eng\\\\"
    },
    {
      "010": {
        "ind1": "\\",
        "ind2": "\\",
        "subfields": [
          {
            "a": "  2001026146"
          }
        ]
      }
    },
    {
      "040": {
        "ind1": "\\",
        "ind2": "\\",
        "subfields": [
          {
            "a": "DLC"
          },
          {
            "b": "eng"
          },
          {
            "c": "DLC"
          },
          {
            "d": "OCLCQ"
          },
          {
            "d": "WSL"
          },
          {
            "d": "BAKER"
          },
          {
            "d": "YDXCP"
          },
          {
            "d": "BTCTA"
          },
          {
            "d": "UBA"
          },
          {
            "d": "NLGGC"
          },
          {
            "d": "CEF"
          },
          {
            "d": "ZCU"
          },
          {
            "d": "OCLCQ"
          },
          {
            "d": "OCLCF"
          },
          {
            "d": "OCLCO"
          },
          {
            "d": "OCLCQ"
          },
          {
            "d": "LEAUB"
          },
          {
            "d": "U9X"
          },
          {
            "d": "OCLCQ"
          },
          {
            "d": "OCLCO"
          },
          {
            "d": "I8M"
          },
          {
            "d": "OCLCQ"
          },
          {
            "d": "CPO"
          },
          {
            "d": "OCLCQ"
          },
          {
            "d": "VNHAN"
          },
          {
            "d": "OCLCQ"
          },
          {
            "d": "DCWBL"
          }
        ]
      }
    },
    {
      "019": {
        "ind1": "\\",
        "ind2": "\\",
        "subfields": [
          {
            "a": "50665187"
          },
          {
            "a": "787440152"
          },
          {
            "a": "906919777"
          },
          {
            "a": "1004579607"
          },
          {
            "a": "1026387929"
          },
          {
            "a": "1042867759"
          },
          {
            "a": "1055053831"
          },
          {
            "a": "1109722043"
          },
          {
            "a": "1154205795"
          },
          {
            "a": "1200090274"
          },
          {
            "a": "1205376862"
          },
          {
            "a": "1205483107"
          },
          {
            "a": "1245560810"
          },
          {
            "a": "1245568381"
          }
        ]
      }
    },
    {
      "020": {
        "ind1": "\\",
        "ind2": "\\",
        "subfields": [
          {
            "a": "0821345249"
          }
        ]
      }
    },
    {
      "020": {
        "ind1": "\\",
        "ind2": "\\",
        "subfields": [
          {
            "a": "9780821345245"
          }
        ]
      }
    },
    {
      "035": {
        "ind1": "\\",
        "ind2": "\\",
        "subfields": [
          {
            "a": "(OCoLC)46671118"
          },
          {
            "z": "(OCoLC)50665187"
          },
          {
            "z": "(OCoLC)787440152"
          },
          {
            "z": "(OCoLC)906919777"
          },
          {
            "z": "(OCoLC)1004579607"
          },
          {
            "z": "(OCoLC)1026387929"
          },
          {
            "z": "(OCoLC)1042867759"
          },
          {
            "z": "(OCoLC)1055053831"
          },
          {
            "z": "(OCoLC)1109722043"
          },
          {
            "z": "(OCoLC)1154205795"
          },
          {
            "z": "(OCoLC)1200090274"
          },
          {
            "z": "(OCoLC)1205376862"
          },
          {
            "z": "(OCoLC)1205483107"
          },
          {
            "z": "(OCoLC)1245560810"
          },
          {
            "z": "(OCoLC)1245568381"
          }
        ]
      }
    },
    {
      "037": {
        "ind1": "\\",
        "ind2": "\\",
        "subfields": [
          {
            "b": "Blackwell's Book Services - sup"
          },
          {
            "c": "32.55"
          }
        ]
      }
    },
    {
      "042": {
        "ind1": "\\",
        "ind2": "\\",
        "subfields": [
          {
            "a": "pcc"
          }
        ]
      }
    },
    {
      "043": {
        "ind1": "\\",
        "ind2": "\\",
        "subfields": [
          {
            "a": "d------"
          }
        ]
      }
    },
    {
      "050": {
        "ind1": "0",
        "ind2": "0",
        "subfields": [
          {
            "a": "HG178.33.D44"
          },
          {
            "b": "R63 2001"
          }
        ]
      }
    },
    {
      "050": {
        "ind1": "1",
        "ind2": "4",
        "subfields": [
          {
            "a": "UN9 MG 2001.M36 .ENG"
          }
        ]
      }
    },
    {
      "055": {
        "ind1": "\\",
        "ind2": "5",
        "subfields": [
          {
            "a": "HG*"
          }
        ]
      }
    },
    {
      "082": {
        "ind1": "0",
        "ind2": "0",
        "subfields": [
          {
            "a": "332.2"
          },
          {
            "b": "ROB"
          }
        ]
      }
    },
    {
      "100": {
        "ind1": "1",
        "ind2": "\\",
        "subfields": [
          {
            "a": "Robinson, Marguerite S."
          }
        ]
      }
    },
    {
      "245": {
        "ind1": "1",
        "ind2": "4",
        "subfields": [
          {
            "a": "The microfinance revolution /"
          },
          {
            "c": "Marguerite S. Robinson."
          }
        ]
      }
    },
    {
      "260": {
        "ind1": "\\",
        "ind2": "\\",
        "subfields": [
          {
            "a": "Washington, D.C. :"
          },
          {
            "b": "World Bank ;"
          },
          {
            "a": "New York :"
          },
          {
            "b": "Open Society Institute,"
          },
          {
            "c": "\u00a92001-<c2002>"
          }
        ]
      }
    },
    {
      "300": {
        "ind1": "\\",
        "ind2": "\\",
        "subfields": [
          {
            "a": "volumes <1-2> :"
          },
          {
            "b": "illustrations ;"
          },
          {
            "c": "28 cm"
          }
        ]
      }
    },
    {
      "336": {
        "ind1": "\\",
        "ind2": "\\",
        "subfields": [
          {
            "a": "text"
          },
          {
            "b": "txt"
          },
          {
            "2": "rdacontent"
          }
        ]
      }
    },
    {
      "337": {
        "ind1": "\\",
        "ind2": "\\",
        "subfields": [
          {
            "a": "unmediated"
          },
          {
            "b": "n"
          },
          {
            "2": "rdamedia"
          }
        ]
      }
    },
    {
      "338": {
        "ind1": "\\",
        "ind2": "\\",
        "subfields": [
          {
            "a": "volume"
          },
          {
            "b": "nc"
          },
          {
            "2": "rdacarrier"
          }
        ]
      }
    },
    {
      "504": {
        "ind1": "\\",
        "ind2": "\\",
        "subfields": [
          {
            "a": "Includes bibliographical references and index."
          }
        ]
      }
    },
    {
      "520": {
        "ind1": "\\",
        "ind2": "\\",
        "subfields": [
          {
            "a": "The revolution occurring in finance for low-income people refers to commercial microfinance-the delivery of financial services to the economically active poor on a large scale through competing, financially self-sufficient institutions. Lessons from Indonesia examines in the Indonesian context the principles and practices of commercial microfinance. The first country to develop profitable microfinance on a large scale, Indonesia is home to the world's oldest and largest commercial microfinance institutions, as well as many others. The book examines many financial institutions, with a special emphasis on Bank Rakyat Indonesia's microbanking system, which in the mid-1980s was transformed from a failed subsidized credit program to a nationwide commercial financial intermediary that now profitably provides microfinance services-savings and credit-to more than 20 million people. Commercial microbanking remained stable and profitable in Indonesia even as the country's financial system collapsed during the recent crisis. This volume shows why, and offers crucial lessons for developing countries everywhere."
          }
        ]
      }
    },
    {
      "505": {
        "ind1": "0",
        "ind2": "\\",
        "subfields": [
          {
            "a": "v. 1. Sustainable finance for the poor -- v. 2. lessons from Indonesia -- v. 3. the emerging industry."
          }
        ]
      }
    },
    {
      "506": {
        "ind1": "\\",
        "ind2": "\\",
        "subfields": [
          {
            "a": "Access restricted to IMF and World Bank Staff."
          }
        ]
      }
    },
    {
      "650": {
        "ind1": "\\",
        "ind2": "0",
        "subfields": [
          {
            "a": "Microfinance"
          },
          {
            "z": "Developing countries."
          }
        ]
      }
    },
    {
      "650": {
        "ind1": "\\",
        "ind2": "0",
        "subfields": [
          {
            "a": "Microfinance."
          }
        ]
      }
    },
    {
      "650": {
        "ind1": "\\",
        "ind2": "0",
        "subfields": [
          {
            "a": "Financial institutions"
          },
          {
            "z": "Developing countries."
          }
        ]
      }
    },
    {
      "650": {
        "ind1": "\\",
        "ind2": "0",
        "subfields": [
          {
            "a": "Poor"
          },
          {
            "z": "Developing countries."
          }
        ]
      }
    },
    {
      "650": {
        "ind1": "\\",
        "ind2": "7",
        "subfields": [
          {
            "a": "Financial institutions."
          },
          {
            "2": "fast"
          },
          {
            "0": "(OCoLC)fst00924636"
          }
        ]
      }
    },
    {
      "650": {
        "ind1": "\\",
        "ind2": "7",
        "subfields": [
          {
            "a": "Microfinance."
          },
          {
            "2": "fast"
          },
          {
            "0": "(OCoLC)fst01019841"
          }
        ]
      }
    },
    {
      "650": {
        "ind1": "\\",
        "ind2": "7",
        "subfields": [
          {
            "a": "Poor."
          },
          {
            "2": "fast"
          },
          {
            "0": "(OCoLC)fst01071040"
          }
        ]
      }
    },
    {
      "651": {
        "ind1": "\\",
        "ind2": "7",
        "subfields": [
          {
            "a": "Developing countries."
          },
          {
            "2": "fast"
          },
          {
            "0": "(OCoLC)fst01242969"
          }
        ]
      }
    },
    {
      "776": {
        "ind1": "0",
        "ind2": "8",
        "subfields": [
          {
            "i": "Online version:"
          },
          {
            "a": "Robinson, Marguerite S."
          },
          {
            "t": "Microfinance revolution."
          },
          {
            "d": "Washington, D.C. : World Bank ; New York : Open Society Institute, \u00a92001-<c2002>"
          },
          {
            "w": "(OCoLC)693997837"
          }
        ]
      }
    },
    {
      "994": {
        "ind1": "\\",
        "ind2": "\\",
        "subfields": [
          {
            "a": "Z0"
          },
          {
            "b": "NYRVC"
          }
        ]
      }
    },
    {
      "948": {
        "ind1": "\\",
        "ind2": "\\",
        "subfields": [
          {
            "h": "NO HOLDINGS IN NYRVC - 380 OTHER HOLDINGS"
          }
        ]
      }
    },
    {
      "999": {
        "ind1": "\\",
        "ind2": "\\",
        "subfields": [
          {
            "a": "00000000019018"
          },
          {
            "v": "v. 1"
          }
        ]
      }
    },
    {
      "999": {
        "ind1": "\\",
        "ind2": "\\",
        "subfields": [
          {
            "a": "00000000019014"
          },
          {
            "v": "v. 2"
          }
        ]
      }
    }
  ]
}